<?xml version="1.0" encoding="UTF-8"?><collection xmlns="http://www.loc.gov/MARC21/slim"><record><leader>00487nam--2200193-u-4500</leader><controlfield tag="001">000055843</controlfield><controlfield tag="002">20161230</controlfield><controlfield tag="005">20161230201052</controlfield><controlfield tag="008">130808s1000------------r-----000-0-rus-d</controlfield><datafield ind1=" " ind2=" " tag="040"><subfield code="a">IFIN-HH</subfield></datafield><datafield ind1=" " ind2=" " tag="041"><subfield code="a">rus</subfield></datafield><datafield ind1=" " ind2=" " tag="080"><subfield code="a">519.3</subfield></datafield><datafield ind1="1" ind2=" " tag="100"><subfield code="a">Gelfand, I.M</subfield></datafield><datafield ind1="1" ind2="0" tag="245"><subfield code="a">Variationnoe iscilenie</subfield><subfield code="c">I.m. gelfand, s.v. fomin</subfield></datafield><datafield ind1=" " ind2=" " tag="260"><subfield code="a">Moskva</subfield><subfield code="b">Fiziko-matematiceskoi Literaturi</subfield><subfield code="c">1961</subfield></datafield><datafield ind1=" " ind2=" " tag="300"><subfield code="a">228P</subfield></datafield><datafield ind1="1" ind2=" " tag="700"><subfield code="a">Fomin, S.V</subfield></datafield><datafield ind1=" " ind2=" " tag="852"><subfield code="a">80836</subfield><subfield code="c">519.3</subfield></datafield><datafield ind1=" " ind2=" " tag="CAT"><subfield code="a">Sys</subfield><subfield code="c">20130808</subfield><subfield code="h">150743</subfield></datafield></record></collection>